
@article{macias_herramientas_nodate,
	title = {Herramientas computacionales para la matemática},
	language = {es},
	urldate = {2022-09-20},
	author = {Macías, Verónica Borja},
	pages = {11},
	file = {Macías - Herramientas computacionales para la matemática.pdf:/home/hefecaso/snap/zotero-snap/common/Zotero/storage/RQGNGMTL/Macías - Herramientas computacionales para la matemática.pdf:application/pdf},
}

@misc{cuadro_densidad_2013,
	title = {Densidad del {Cemento} {Portland} - {Resistencia} de {Materiales} - {2H1T6} -},
	url = {https://www.studocu.com/co/document/corporacion-universitaria-de-la-costa/resistencia-de-materiales/densidad-del-cemento-portland/7422366},
	abstract = {Teile kostenlose Zusammenfassungen, Klausurfragen, Mitschriften, Lösungen und vieles mehr!},
	language = {de-at},
	urldate = {2022-09-20},
	journal = {StuDocu},
	author = {Cuadro, Juleidis and Arrieta, Kevin and Parra, Efraín},
	month = mar,
	year = {2013},
	file = {Snapshot:/home/hefecaso/snap/zotero-snap/common/Zotero/storage/ZVW8N945/7422366.html:text/html},
}

@misc{noauthor_cual_nodate,
	title = {¿{Cuál} es la densidad del cemento? - {Buscar} con {Google}},
	url = {https://www.google.com/search?q=%C2%BFCu%C3%A1l+es+la+densidad+del+cemento%3F&sa=X&ved=2ahUKEwj8ksay8Jz2AhXalmoFHUjlDGAQsZYEegQIBRAC&biw=1920&bih=882&dpr=1},
	urldate = {2022-09-20},
	file = {¿Cuál es la densidad del cemento? - Buscar con Google:/home/hefecaso/snap/zotero-snap/common/Zotero/storage/JQ4KKQ4H/search.html:text/html},
}

@misc{noauthor_laboratorio_nodate,
	title = {Laboratorio 1 {Informe} {Densidad} {Del} {Cemento}. {\textbar} {PDF} {\textbar} {Cemento} {\textbar} {Densidad}},
	url = {https://es.scribd.com/document/245675938/Laboratorio-1-Informe-Densidad-Del-Cemento},
	abstract = {Informe N.1 Densidad del cemento},
	language = {en},
	urldate = {2022-09-20},
	journal = {Scribd},
	annote = {El cemento es una de las materias primas de la construcción más populares y hoydía más indispensables. Sus propiedades físicas y mecánicas son excelentes parala construcción. Prácticamente no hay obra alguna que se pueda hacer sicemento, por esta razón estudiaremos su densidad para así determinar cómo secomportara en el concreto de obra.},
	file = {Snapshot:/home/hefecaso/snap/zotero-snap/common/Zotero/storage/7ID9CYSM/Laboratorio-1-Informe-Densidad-Del-Cemento.html:text/html},
}

@techreport{milton_informe_2019,
	title = {Informe 2-{Densidad} del cemento - {Ensayo} de {Materiales} - e.d.materiales},
	url = {https://www.studocu.com/ec/document/universidad-central-del-ecuador/ensayo-de-materiales/informe-2-densidad-del-cemento/14049876},
	abstract = {¡Comparte resúmenes, material para preparar tus exámenes, apuntes y mucho más!},
	language = {es-ec},
	urldate = {2022-09-20},
	author = {Milton, Francisco},
	year = {2019},
	file = {Snapshot:/home/hefecaso/snap/zotero-snap/common/Zotero/storage/C4H7V3EA/14049876.html:text/html},
}

@misc{ruiz_determinacion_2022,
	title = {Determinación de volumen y densidad},
	language = {es},
	urldate = {2022-09-20},
	author = {Ruiz, Andrea},
	month = feb,
	year = {2022},
	file = {G2 LQG1 PRESENTACIÓN PRÁCTICA _2.pdf:/home/hefecaso/snap/zotero-snap/common/Zotero/storage/3K3P8KGW/G2 LQG1 PRESENTACIÓN PRÁCTICA _2.pdf:application/pdf},
}

@misc{de_leon_lab-qg1_2021,
	title = {Lab-{QG1} {1S2022}},
	url = {https://docs.google.com/document/d/1l_ACcKAF8SFcAzobI_hUn3pf0VLNMkdoNvBS4FY7UgU/edit?usp=sharing&usp=embed_facebook},
	abstract = {UNIVERSIDAD DE SAN CARLOS DE GUATEMALA FACULTAD DE INGENIERÍA ESCUELA DE CIENCIAS ÁREA DE QUÍMICA GENERAL            Instructivo Laboratorio Química General 1            PRIMER SEMESTRE 2022  Normas Generales Para el Laboratorio 	Todo estudiante que realiza su actividad experimental debe seguir...},
	language = {es},
	urldate = {2022-09-20},
	journal = {Google Docs},
	author = {De Leon, Tannia},
	month = nov,
	year = {2021},
	file = {Snapshot:/home/hefecaso/snap/zotero-snap/common/Zotero/storage/MGRGFENB/edit.html:text/html},
}
